<?xml version='1.0'?>
<collection xmlns='http://www.loc.gov/MARC21/slim' xmlns:xsi='http://www.w3.org/2001/XMLSchema-instance' xsi:schemaLocation='http://www.loc.gov/MARC21/slim http://www.loc.gov/standards/marcxml/schema/MARC21slim.xsd'>
  <record>
    <leader>00000cas a22003977a 4500</leader>
      <controlfield tag='006'>m        d</controlfield>
      <controlfield tag='007'>cr  n</controlfield>
      <controlfield tag='008'>020617c19969999nyuqr pss     0   a0eng c</controlfield>
      <controlfield tag='001'>ssj0009206</controlfield>
      <controlfield tag='003'>WaSeSS</controlfield>
      <controlfield tag='005'>20170507180151.0</controlfield>
      <datafield ind1=' ' ind2=' ' tag='010'>
        <subfield code='a'>2002214318</subfield>
      </datafield>
      <datafield ind1='7' ind2=' ' tag='016'>
        <subfield code='a'>015487927</subfield>
        <subfield code='2'>Uk</subfield>
      </datafield>
      <datafield ind1=' ' ind2=' ' tag='022'>
        <subfield code='a'>1540-4749</subfield>
        <subfield code='l'>1087-5301</subfield>
        <subfield code='y'>1087-5301</subfield>
      </datafield>
      <datafield ind1=' ' ind2=' ' tag='035'>
        <subfield code='z'>50007897</subfield>
      </datafield>
      <datafield ind1=' ' ind2=' ' tag='037'>
        <subfield code='b'>The Haworth Press, Inc., 10 Alice St., Binghamton, NY 13901-1580</subfield>
      </datafield>
      <datafield ind1=' ' ind2=' ' tag='040'>
        <subfield code='a'>NSDP</subfield>
        <subfield code='b'>eng</subfield>
        <subfield code='c'>NSDP</subfield>
        <subfield code='d'>OCoLC</subfield>
        <subfield code='d'>NSDP</subfield>
        <subfield code='d'>InU</subfield>
        <subfield code='d'>CaQMM</subfield>
        <subfield code='d'>OCoLC</subfield>
        <subfield code='d'>UKMGB</subfield>
        <subfield code='d'>OCoLC</subfield>
        <subfield code='d'>WaSeSS</subfield>
      </datafield>
      <datafield ind1=' ' ind2=' ' tag='042'>
        <subfield code='a'>pcc</subfield>
        <subfield code='a'>nsdp</subfield>
      </datafield>
      <datafield ind1='1' ind2='4' tag='050'>
        <subfield code='a'>Z674.75.I58</subfield>
        <subfield code='b'>I58</subfield>
      </datafield>
      <datafield ind1='1' ind2='0' tag='082'>
        <subfield code='a'>025</subfield>
        <subfield code='2'>13</subfield>
      </datafield>
      <datafield ind1='0' ind2=' ' tag='130'>
        <subfield code='a'>Internet reference services quarterly (Online)</subfield>
      </datafield>
      <datafield ind1=' ' ind2='0' tag='222'>
        <subfield code='a'>Internet reference services quarterly</subfield>
        <subfield code='b'>(Online)</subfield>
      </datafield>
      <datafield ind1='1' ind2='0' tag='245'>
        <subfield code='a'>Internet reference services quarterly</subfield>
        <subfield code='h'>[electronic resource].</subfield>
      </datafield>
      <datafield ind1=' ' ind2=' ' tag='260'>
        <subfield code='a'>Binghamton, N.Y. :</subfield>
        <subfield code='b'>Haworth Press,</subfield>
        <subfield code='c'>[2000]-</subfield>
      </datafield>
      <datafield ind1=' ' ind2=' ' tag='310'>
        <subfield code='a'>Quarterly</subfield>
      </datafield>
      <datafield ind1='0' ind2=' ' tag='362'>
        <subfield code='a'>Vol. 1, issue 1 (1996)-</subfield>
      </datafield>
      <datafield ind1=' ' ind2=' ' tag='500'>
        <subfield code='a'>Title from table of contents screen (publisher&apos;s Web site, viewed Aug 19, 2004).</subfield>
      </datafield>
      <datafield ind1=' ' ind2=' ' tag='538'>
        <subfield code='a'>Mode of access: World Wide Web.</subfield>
      </datafield>
      <datafield ind1=' ' ind2=' ' tag='588'>
        <subfield code='a'>Latest issue consulted: Vol. 8, issue 4 (2004) (publisher&apos;s Web site, viewed Aug. 19, 2004).</subfield>
      </datafield>
      <datafield ind1=' ' ind2='0' tag='650'>
        <subfield code='a'>Internet</subfield>
        <subfield code='v'>Periodicals.</subfield>
      </datafield>
      <datafield ind1=' ' ind2='0' tag='650'>
        <subfield code='a'>Library information networks</subfield>
        <subfield code='v'>Periodicals.</subfield>
      </datafield>
      <datafield ind1=' ' ind2='0' tag='650'>
        <subfield code='a'>Reference services (Libraries)</subfield>
        <subfield code='v'>Periodicals.</subfield>
      </datafield>
      <datafield ind1=' ' ind2='0' tag='655'>
        <subfield code='a'>Electronic journals.</subfield>
      </datafield>
      <datafield ind1='1' ind2=' ' tag='776'>
        <subfield code='t'>Internet reference services quarterly</subfield>
        <subfield code='x'>1087-5301</subfield>
        <subfield code='w'>(DLC)   96652973</subfield>
        <subfield code='w'>(OCoLC)34337969</subfield>
      </datafield>
      <datafield ind1='4' ind2='0' tag='856'>
        <subfield code='y'>Full text available via the UNC-Chapel Hill Libraries</subfield>
        <subfield code='u'>http://VB3LK7EB4T.search.serialssolutions.com/?V=1.0&amp;L=VB3LK7EB4T&amp;S=JCs&amp;C=INTEREFSERQU&amp;T=marc</subfield>
        <subfield code='x'>Library &amp; Information Science Source</subfield>
        <subfield code='x'>Taylor &amp; Francis Library &amp; Information Science Archive</subfield>
        <subfield code='x'>Library, Information Science &amp; Technology Abstracts (LISTA) with Full Text</subfield>
        <subfield code='x'>Taylor &amp; Francis Current Content Access</subfield>
      </datafield>
      <datafield ind1=' ' ind2='2' tag='907'>
        <subfield code='a'>b5834407</subfield>
      </datafield>
      <datafield ind1='0' ind2='0' tag='999'>
        <subfield code='a'>2017-05-08 00:00:00-04</subfield>
        <subfield code='c'>2009-01-17 10:45:22-05</subfield>
        <subfield code='u'>2017-05-08 14:31:37-04</subfield>
      </datafield>
    </record>
  </collection>
